@inproceedings{OssDoc.,
 author = {Dessi, Andrea and Maxia, Andrea and Atzori, Maurizio and Zaniolo, CarloDing, Wei
Liang, Peng
Tang, Antony
Vliet, Hans Van
Shahin, Mojtaba},
 title = {How Do Open Source Communities Document Software Architecture: An Exploratory Survey},
 pages = {136-145},
 doi = {10.1109/ICECCS.2014.26}
}